@book{zhouzhihua,
  author={周志华},
  title={机器学习},
  publisher={清华大学出版社},
  year={2016}
}

@article{dukhan2019indirect,
  title={The indirect convolution algorithm},
  author={Dukhan, Marat},
  journal={arXiv preprint arXiv:1907.02129},
  year={2019}
}

@article{o2015introduction,
  title={An introduction to convolutional neural networks},
  author={O'shea, Keiron and Nash, Ryan},
  journal={arXiv preprint arXiv:1511.08458},
  year={2015}
}

@ARTICLE{726791,
  author={Lecun, Y. and Bottou, L. and Bengio, Y. and Haffner, P.},
  journal={Proceedings of the IEEE}, 
  title={Gradient-based learning applied to document recognition}, 
  year={1998},
  volume={86},
  number={11},
  pages={2278-2324},
  keywords={Neural networks;Pattern recognition;Machine learning;Optical character recognition software;Character recognition;Feature extraction;Multi-layer neural network;Optical computing;Hidden Markov models;Principal component analysis},
  doi={10.1109/5.726791}
}

@article{agarap2018deep,
  title={Deep learning using rectified linear units (relu)},
  author={Agarap, Abien Fred},
  journal={arXiv preprint arXiv:1803.08375},
  year={2018}
}

@article{hinton2012improving,
  title={Improving neural networks by preventing co-adaptation of feature detectors},
  author={Hinton, Geoffrey E and Srivastava, Nitish and Krizhevsky, Alex and Sutskever, Ilya and Salakhutdinov, Ruslan R},
  journal={arXiv preprint arXiv:1207.0580},
  year={2012}
}

@misc{cTensor,
  title={cTensor},
  url={https://github.com/sebgao/cTensor},
  year={2021},
  author={sebgao}
}